<record><leader>00000cas a2200000 a 4500</leader><controlfield tag="001">10309820</controlfield><controlfield tag="008">840117d18891970mtudn ne      0   a0eng c</controlfield><datafield ind1=" " ind2=" " tag="010"><subfield code="a">sn 84036012 </subfield></datafield><datafield ind1=" " ind2=" " tag="040"><subfield code="a">MTL</subfield><subfield code="b">eng</subfield><subfield code="c">MTL</subfield><subfield code="d">DLC</subfield><subfield code="d">CNK</subfield><subfield code="d">OCLCQ</subfield><subfield code="d">DLC</subfield><subfield code="d">OCLCQ</subfield><subfield code="d">OCLCF</subfield></datafield><datafield ind1=" " ind2=" " tag="012"><subfield code="l">a</subfield></datafield><datafield ind1="0" ind2=" " tag="022"><subfield code="a">2163-4483</subfield><subfield code="2">1</subfield></datafield><datafield ind1="1" ind2=" " tag="029"><subfield code="a">AU@</subfield><subfield code="b">000041280294</subfield></datafield><datafield ind1=" " ind2=" " tag="042"><subfield code="a">pcc</subfield><subfield code="a">nsdp</subfield></datafield><datafield ind1=" " ind2=" " tag="043"><subfield code="a">n-us-mt</subfield></datafield><datafield ind1="0" ind2="0" tag="050"><subfield code="a">Newspaper</subfield></datafield><datafield ind1="1" ind2="0" tag="082"><subfield code="a">070</subfield><subfield code="2">14</subfield></datafield><datafield ind1=" " ind2="4" tag="222"><subfield code="a">The Anaconda standard</subfield></datafield><datafield ind1="0" ind2="4" tag="245"><subfield code="a">The Anaconda standard.</subfield></datafield><datafield ind1="3" ind2="0" tag="246"><subfield code="a">Montana standard</subfield></datafield><datafield ind1=" " ind2=" " tag="260"><subfield code="a">Anaconda, Mont. :</subfield><subfield code="b">Standard Pub. Co.,</subfield><subfield code="c">1889-1970.</subfield></datafield><datafield ind1=" " ind2=" " tag="300"><subfield code="a">80 v. :</subfield><subfield code="b">ill. ;</subfield><subfield code="c">54 cm. or smaller.</subfield></datafield><datafield ind1=" " ind2=" " tag="310"><subfield code="a">Five days a week,</subfield><subfield code="b">1959-1970</subfield></datafield><datafield ind1=" " ind2=" " tag="321"><subfield code="a">Daily (except Mon.),</subfield><subfield code="b">1889-1890</subfield></datafield><datafield ind1=" " ind2=" " tag="321"><subfield code="a">Daily,</subfield><subfield code="b">1890-1928</subfield></datafield><datafield ind1=" " ind2=" " tag="321"><subfield code="a">Daily (except Sun.),</subfield><subfield code="b">1928-1959</subfield></datafield><datafield ind1="0" ind2=" " tag="362"><subfield code="a">Sept. 4, 1889-v. 80, no. 236 (June 20, 1970).</subfield></datafield><datafield ind1=" " ind2=" " tag="500"><subfield code="a">Starting Sept. 12, 1928, Sunday and Butte ed. united with: Butte miner (Butte)--to form: Montana standard (Butte). Cf. Gregory, W. Amer. newspapers.</subfield></datafield><datafield ind1=" " ind2=" " tag="515"><subfield code="a">Suspended: Feb. 14-Mar. 28, 1907; June 21-July 4, 1927.</subfield></datafield><datafield ind1=" " ind2=" " tag="530"><subfield code="a">Also issued on microfilm from the Library of Congress, Photoduplication Service.</subfield></datafield><datafield ind1=" " ind2=" " tag="530"><subfield code="a">Archived issues are available in digital format as part of the Library of Congress Chronicling America online collection.</subfield></datafield><datafield ind1=" " ind2="0" tag="651"><subfield code="a">Anaconda (Mont.)</subfield><subfield code="v">Newspapers.</subfield></datafield><datafield ind1=" " ind2="7" tag="655"><subfield code="a">Newspapers.</subfield><subfield code="2">fast</subfield><subfield code="0">(OCoLC)fst01423814</subfield></datafield><datafield ind1=" " ind2="7" tag="651"><subfield code="a">Montana</subfield><subfield code="z">Anaconda.</subfield><subfield code="2">fast</subfield><subfield code="0">(OCoLC)fst01216243</subfield></datafield><datafield ind1=" " ind2=" " tag="752"><subfield code="a">United States</subfield><subfield code="b">Montana</subfield><subfield code="c">Deer Lodge</subfield><subfield code="d">Anaconda.</subfield></datafield><datafield ind1="1" ind2=" " tag="777"><subfield code="t">Montana standard</subfield><subfield code="g">1928-1970</subfield></datafield><datafield ind1="4" ind2="1" tag="856"><subfield code="u">http://www.loc.gov/chroniclingamerica/lccn/sn84036012</subfield></datafield></record>